# background
@book{RAND2013,
author="Perry, Walter L. and Brian McInnis and Carter C. Price and Susan Smith and John S. Hollywood",
title="Predictive Policing: The Role of Crime Forecasting in Law Enforcement Operations",
address="Santa Monica, CA",
year="2013",
doi="10.7249/RR233",
publisher="RAND Corporation"
}

@article{brantingham2018biased,
  title={Does predictive policing lead to biased arrests? Results from a randomized controlled trial},
  author={Brantingham, P Jeffrey and Valasik, Matthew and Mohler, George O},
  journal={Statistics and public policy},
  volume={5},
  number={1},
  pages={1--6},
  year={2018},
  publisher={Taylor \& Francis}
}

@article{hunchlab_ratcliffe_philadelphia_2019,
  title = {The {Philadelphia} predictive policing experiment},
  author = {Ratcliffe, Jerry H. and Perenzin Askey, Amber and Thomas, Kevin and Grasso, John and Bethel, Kevin J.},
  journal = {Journal of Experimental Criminology},
  volume = {15},
  number = {3},
  pages = {367--387},
  year = {2019},
  publisher = {Springer},
  doi = {10.1007/s11292-019-09368-x},
  url = {https://www.cambridge-ebp.co.uk/s/Ratcliffe-et-al-in-press-The-Philadelphia-Predictive-Policing-Experiment.pdf}
}

# PredPol Algorithm
@incollection{ferguson2017rise,
  title={The rise of big data policing: Surveillance, race, and the future of law enforcement},
  author={Ferguson, Andrew Guthrie},
  booktitle={The Rise of Big Data Policing},
  year={2017},
  publisher={New York University Press}
}

@article{ensign2017runaway,
  title={Runaway Feedback Loops in Predictive Policing},
  author={Ensign, Danielle and Friedler, Sorelle A and Neville, Scott and Scheidegger, Carlos and Venkatasubramanian, Suresh},
  journal={arXiv preprint arXiv:1706.09847},
  year={2017}
}

@article{pechini1967washington,
  title={Washington, DC: US patent and trademark office},
  author={Pechini, Maggio P},
  journal={US patent},
  volume={3},
  pages={697},
  year={1967}
}

# reaction-diffusion model
@article{react-diff-short2010nonlinear,
  title={Nonlinear patterns in urban crime: Hotspots, bifurcations, and suppression},
  author={Short, Martin B and Bertozzi, Andrea L and Brantingham, P Jeffrey},
  journal={SIAM Journal on Applied Dynamical Systems},
  volume={9},
  number={2},
  pages={462--483},
  year={2010},
  publisher={SIAM}
}
@article{react-diff-short2008statistical,
  title={A statistical model of criminal behavior},
  author={Short, Martin B and D'orsogna, Maria R and Pasour, Virginia B and Tita, George E and Brantingham, Paul J and Bertozzi, Andrea L and Chayes, Lincoln B},
  journal={Mathematical Models and Methods in Applied Sciences},
  volume={18},
  number={supp01},
  pages={1249--1267},
  year={2008},
  publisher={World Scientific}
}

# ETAS model
@article{ETAS_ogata1988statistical,
  title={Statistical models for earthquake occurrences and residual analysis for point processes},
  author={Ogata, Yosihiko},
  journal={Journal of the American Statistical Association},
  volume={83},
  number={401},
  pages={9--27},
  year={1988},
  publisher={Taylor \& Francis}
}

@misc{lum_etas_em,
  author = {K. Lum},
  title = {Derivation of the Expectation-Maximization Algorithm for the ETAS Model},
  year = {n.d.},
  url = {https://github.com/arun-ramamurthy/pred-pol/blob/master/doc/Rederivation%20of%20Mohler%20et%20al.pdf},
  note = {Accessed: 2025-02-05}
}

# SSL
@book{tayebi2016social,
  title={Social network analysis in predictive policing},
  author={Tayebi, Mohammad A and Gl{\"a}sser, Uwe and Tayebi, Mohammad A and Gl{\"a}sser, Uwe},
  year={2016},
  publisher={Springer}
}

@book{burcher2020social,
  title={Social network analysis and law enforcement: Applications for intelligence analysis},
  author={Burcher, Morgan},
  year={2020},
  publisher={Springer}
}

# Risk Terrain Modeling RTM 
@article{caplan2011risk,
  title={Risk terrain modeling: Brokering criminological theory and GIS methods for crime forecasting},
  author={Caplan, Joel M and Kennedy, Leslie W and Miller, Joel},
  journal={Justice quarterly},
  volume={28},
  number={2},
  pages={360--381},
  year={2011},
  publisher={Taylor \& Francis}
}

# Real-time Crime Centers
@article{ratcliffe2011philadelphia,
  title={The Philadelphia foot patrol experiment: A randomized controlled trial of police patrol effectiveness in violent crime hotspots},
  author={Ratcliffe, Jerry H and Taniguchi, Travis and Groff, Elizabeth R and Wood, Jennifer D},
  journal={Criminology},
  volume={49},
  number={3},
  pages={795--831},
  year={2011},
  publisher={Wiley Online Library}
}